@article{atamturk2019rank,
  title={Rank-one convexification for sparse regression},
  author={Atamturk, Alper and Gomez, Andres},
  journal={arXiv preprint arXiv:1901.10334},
  year={2019}
}
@inproceedings{anari2016monte,
  title={Monte Carlo Markov chain algorithms for sampling strongly Rayleigh distributions and determinantal point processes},
  author={Anari, Nima and Gharan, Shayan Oveis and Rezaei, Alireza},
  booktitle={Conference on Learning Theory},
  pages={103--115},
  year={2016},
  organization={PMLR}
}
@article{anari2016nash,
  title={Nash social welfare, matrix permanent, and stable polynomials},
  author={Anari, Nima and Gharan, Shayan Oveis and Saberi, Amin and Singh, Mohit},
  journal={arXiv preprint arXiv:1609.07056},
  year={2016}
}
@article{bach2010convex,
  title={Convex relaxations for subset selection},
  author={Bach, Francis and Ahipasaoglu, Selin Damla and d'Aspremont, Alexandre},
  journal={arXiv preprint arXiv:1006.3601},
  year={2010}
}
@article{baer2021faddeev,
  title={The Faddeev-LeVerrier algorithm and the Pfaffian},
  author={Baer, Christian},
  journal={Linear Algebra and its Applications},
  volume={630},
  pages={39--55},
  year={2021},
  publisher={Elsevier}
}
@article{bertsimas2016best,
  title={Best subset selection via a modern optimization lens},
  author={Bertsimas, Dimitris and King, Angela and Mazumder, Rahul},
  journal={The annals of statistics},
  volume={44},
  number={2},
  pages={813--852},
  year={2016},
  publisher={Institute of Mathematical Statistics}
}
@article{blekherman2022hyperbolic,
  title={Hyperbolic relaxation of k-locally positive semidefinite matrices},
  author={Blekherman, Grigoriy and Dey, Santanu S and Shu, Kevin and Sun, Shengding},
  journal={SIAM Journal on Optimization},
  volume={32},
  number={2},
  pages={470--490},
  year={2022},
  publisher={SIAM}
}
@article{blekherman2021linear,
  title={Linear Principal Minor Polynomials: Hyperbolic Determinantal Inequalities and Spectral Containment},
  author={Blekherman, Grigoriy and Kummer, Mario and Sanyal, Raman and Shu, Kevin and Sun, Shengding},
  journal={arXiv preprint arXiv:2112.13321},
  year={2021}
}
@article{boman2005factor,
  title={On factor width and symmetric H-matrices},
  author={Boman, Erik G and Chen, Doron and Parekh, Ojas and Toledo, Sivan},
  journal={Linear algebra and its applications},
  volume={405},
  pages={239--248},
  year={2005},
  publisher={Elsevier}
}
@article{borcea2008applications,
  title={Applications of stable polynomials to mixed determinants: Johnson's conjectures, unimodality, and symmetrized Fischer products},
  author={Borcea, Julius and Br{\"a}nd{\'e}n, Petter},
  journal={Duke Mathematical Journal},
  volume={143},
  number={2},
  pages={205--223},
  year={2008},
  publisher={Duke University Press}
}
@article{del2020subset,
  title={Subset selection in sparse matrices},
  author={Del Pia, Alberto and Dey, Santanu S and Weismantel, Robert},
  journal={SIAM Journal on Optimization},
  volume={30},
  number={2},
  pages={1173--1190},
  year={2020},
  publisher={SIAM}
}
@article{gaarding1951linear,
  title={Linear hyperbolic partial differential equations with constant coefficients},
  author={G{\aa}rding, Lars},
  journal={Acta Mathematica},
  volume={85},
  pages={1--62},
  year={1951},
  publisher={Institut Mittag-Leffler}
}
@article{guler1997hyperbolic,
  title={Hyperbolic polynomials and interior point methods for convex programming},
  author={G{\"u}ler, Osman},
  journal={Mathematics of Operations Research},
  volume={22},
  number={2},
  pages={350--377},
  year={1997},
  publisher={INFORMS}
}
@article{gurvits2007van,
  title={Van der Waerden/Schrijver-Valiant like conjectures and stable (aka hyperbolic) homogeneous polynomials: one theorem for all},
  author={Gurvits, Leonid},
  journal={arXiv preprint arXiv:0711.3496},
  year={2007}
}
@book{horn2012matrix,
  title={Matrix analysis},
  author={Horn, Roger A and Johnson, Charles R},
  year={2012},
  publisher={Cambridge university press}
}
@article{kojima2016determinantal,
  title={Determinantal point process priors for Bayesian variable selection in linear regression},
  author={Kojima, Mutsuki and Komaki, Fumiyasu},
  journal={Statistica Sinica},
  pages={97--117},
  year={2016},
  publisher={JSTOR}
}
@article{saunderson2019certifying,
  title={Certifying polynomial nonnegativity via hyperbolic optimization},
  author={Saunderson, James},
  journal={SIAM Journal on Applied Algebra and Geometry},
  volume={3},
  number={4},
  pages={661--690},
  year={2019},
  publisher={SIAM}
}
@article{wagner2011multivariate,
  title={Multivariate stable polynomials: theory and applications},
  author={Wagner, David},
  journal={Bulletin of the American Mathematical Society},
  volume={48},
  number={1},
  pages={53--84},
  year={2011}
}
@article{welch1982algorithmic,
  title={Algorithmic complexity: three NP-hard problems in computational statistics},
  author={Welch, William J},
  journal={Journal of Statistical Computation and Simulation},
  volume={15},
  number={1},
  pages={17--25},
  year={1982},
  publisher={Taylor \& Francis}
}
@article{yakubovich1997s,
  title={S-procedure in nonlinear control theory},
  author={Yakubovich, Vladimir Andreevich},
  journal={Vestnick Leningrad Univ. Math.},
  volume={4},
  pages={73--93},
  year={1997}
}
@article{wang2022tightness,
  title={On the tightness of SDP relaxations of QCQPs},
  author={Wang, Alex L and K{\i}l{\i}n{\c{c}}-Karzan, Fatma},
  journal={Mathematical Programming},
  volume={193},
  number={1},
  pages={33--73},
  year={2022},
  publisher={Springer}
}
@article{magdon2017np,
  title={NP-hardness and inapproximability of sparse PCA},
  author={Magdon-Ismail, Malik},
  journal={Information Processing Letters},
  volume={126},
  pages={35--38},
  year={2017},
  publisher={Elsevier}
}
@article{gouveia2022sums,
  title={On sums of squares of k-nomials},
  author={Gouveia, Joao and Kova{\v{c}}ec, Alexander and Saee, Mina},
  journal={Journal of Pure and Applied Algebra},
  volume={226},
  number={1},
  pages={106820},
  year={2022},
  publisher={Elsevier}
}
@article{ben2022new,
  title={New bounds for subset selection from conic relaxations},
  author={Ben-Ameur, Walid and Neto, Jos{\'e}},
  journal={European Journal of Operational Research},
  volume={298},
  number={2},
  pages={425--438},
  year={2022},
  publisher={Elsevier}
}
@article{bertsimas2022solving,
  title={Solving Large-Scale Sparse PCA to Certifiable (Near) Optimality.},
  author={Bertsimas, Dimitris and Cory-Wright, Ryan and Pauphilet, Jean},
  journal={J. Mach. Learn. Res.},
  volume={23},
  pages={13--1},
  year={2022}
}

@article{choe2004homogeneous,
  title={Homogeneous multivariate polynomials with the half-plane property},
  author={Choe, Young-Bin and Oxley, James G and Sokal, Alan D and Wagner, David G},
  journal={Advances in Applied Mathematics},
  volume={32},
  number={1-2},
  pages={88--187},
  year={2004},
  publisher={Elsevier}
}
@article{candes2005decoding,
  title={Decoding by linear programming},
  author={Candes, Emmanuel J and Tao, Terence},
  journal={IEEE transactions on information theory},
  volume={51},
  number={12},
  pages={4203--4215},
  year={2005},
  publisher={IEEE}
}

@article{candes2008restricted,
  title={The restricted isometry property and its implications for compressed sensing},
  author={Candes, Emmanuel J},
  journal={Comptes rendus mathematique},
  volume={346},
  number={9-10},
  pages={589--592},
  year={2008},
  publisher={Elsevier}
}

@article{deshpande2006matrix,
  title={Matrix approximation and projective clustering via volume sampling},
  author={Deshpande, Amit and Rademacher, Luis and Vempala, Santosh S and Wang, Grant},
  journal={Theory of Computing},
  volume={2},
  number={1},
  pages={225--247},
  year={2006},
  publisher={Theory of Computing Exchange}
}

@article{pinkert1976exact,
  title={An exact method for finding the roots of a complex polynomial},
  author={Pinkert, James R},
  journal={ACM Transactions on Mathematical Software (TOMS)},
  volume={2},
  number={4},
  pages={351--363},
  year={1976},
  publisher={ACM New York, NY, USA}
}
@article{ben1988fast,
  title={A fast parallel algorithm for determining all roots of a polynomial with real roots},
  author={Ben-Or, Michael and Feig, Ephraim and Kozen, Dexter and Tiwari, Prasoon},
  journal={SIAM Journal on Computing},
  volume={17},
  number={6},
  pages={1081--1092},
  year={1988},
  publisher={SIAM}
}


@misc{Dua:2019 ,
author = "Dua, Dheeru and Graff, Casey",
year = "2017",
title = "{UCI} Machine Learning Repository",
url = "http://archive.ics.uci.edu/ml",
institution = "University of California, Irvine, School of Information and Computer Sciences" }
@article{tropp2004greed,
  title={Greed is good: Algorithmic results for sparse approximation},
  author={Tropp, Joel A},
  journal={IEEE Transactions on Information theory},
  volume={50},
  number={10},
  pages={2231--2242},
  year={2004},
  publisher={IEEE}
}

@article{tibshirani1996regression,
  title={Regression shrinkage and selection via the lasso},
  author={Tibshirani, Robert},
  journal={Journal of the Royal Statistical Society: Series B (Methodological)},
  volume={58},
  number={1},
  pages={267--288},
  year={1996},
  publisher={Wiley Online Library}
}

@article{efron2004least,
  title={Least angle regression},
  author={Efron, Bradley and Hastie, Trevor and Johnstone, Iain and Tibshirani, Robert},
  journal={The Annals of statistics},
  volume={32},
  number={2},
  pages={407--499},
  year={2004},
  publisher={Institute of Mathematical Statistics}
}
@article{kummer2015hyperbolic,
  title={Hyperbolic polynomials, interlacers, and sums of squares},
  author={Kummer, Mario and Plaumann, Daniel and Vinzant, Cynthia},
  journal={Mathematical Programming},
  volume={153},
  number={1},
  pages={223--245},
  year={2015},
  publisher={Springer}
}
@article{hastie2020best,
  title={Best subset, forward stepwise or lasso? Analysis and recommendations based on extensive comparisons},
  author={Hastie, Trevor and Tibshirani, Robert and Tibshirani, Ryan},
  journal={Statistical Science},
  volume={35},
  number={4},
  pages={579--592},
  year={2020},
  publisher={Institute of Mathematical Statistics}
}

@article{zou2006sparse,
 title={Sparse principal component analysis},
 author={Zou, Hui and Hastie, Trevor and Tibshirani, Robert},
 journal={Journal of computational and graphical statistics},
 volume={15},
 number={2},
 pages={265--286},
 year={2006},
 publisher={Taylor \& Francis}
}
@article{alizadeh1995interior,
  title={Interior point methods in semidefinite programming with applications to combinatorial optimization},
  author={Alizadeh, Farid},
  journal={SIAM journal on Optimization},
  volume={5},
  number={1},
  pages={13--51},
  year={1995},
  publisher={SIAM}
}
@book{ben2001lectures,
  title={Lectures on modern convex optimization: analysis, algorithms, and engineering applications},
  author={Ben-Tal, Aharon and Nemirovski, Arkadi},
  year={2001},
  publisher={SIAM}
}

@article{d2008optimal,
  title={Optimal Solutions for Sparse Principal Component Analysis.},
  author={d'Aspremont, Alexandre and Bach, Francis and El Ghaoui, Laurent},
  journal={Journal of Machine Learning Research},
  volume={9},
  number={7},
  year={2008}
}

